@InProceedings{Graessler_2018,
  author    = {Iris Graessler and Julian Hentze and Tobias Bruckmann},
  title     = {{\href{https://doi.org/10.21278/idc.2018.0333}{V-models for interdisciplinary systems engineering}}},
  booktitle = {DS 92: Proceedings of the DESIGN 2018 15th International Design Conference},
  pages     = {747--756},
  year      = {2018}
}

@InProceedings{Royce_1970,
  author    = {W. Royce},
  title     = {{The Software Lifecycle Model (Waterfall Model)}},
  booktitle = {Proceedings of WESTCON},
  year      = {1070},
  month     = aug
}

@Article{Boehm_1988,
  author  = {B. W. Boehm},
  title   = {{\href{https://doi.org/10.1109/2.59}{A spiral model of software development and enhancement}}},
  journal = {Computer},
  year    = {1988},
  volume  = {21},
  number  = {5},
  pages   = {61--72},
  month   = may
}

@InProceedings{Taylor_2016,
  author    = {J Taylor and J G Hoole},
  title     = {{\href{https://ieeexplore.ieee.org/abstract/document/7474832/}{Robust Protocol for Sending Synchronisation Pulse and RS-232 Communication over Single Low Quality Twisted Pair Cable}}},
  booktitle = {Proceeding of ICIT},
  year      = {2016},
  address   = {Taiwan},
  month     = mar,
  publisher = {IEEE}
}

@Booklet{Oetiker_2015,
  title        = {{\href{https://tobi.oetiker.ch/lshort/lshort.pdf}{The Not So Short Introduction to \LaTeX{} 2$_\varepsilon$}}},
  author       = {Tobias Oetiker and Hubert Partl and Irene Hyna and Elisabeth Schlegl},
  howpublished = {\href{https://tobi.oetiker.ch/lshort/lshort.pdf}{https://tobi.oetiker.ch/lshort/lshort.pdf}},
  month        = jul,
  year         = {2015},
  note         = {Version 5.05}
}

@Misc{Word_Template,
  title        = {{\href{http://www.ieee.org/conferences_events/conferences/publishing/templates.html}{IEEE Conference Paper Templates}}},
  howpublished = {\href{http://www.ieee.org/conferences_events/conferences/publishing/templates.html}{http://www.ieee.org/\\conferences\_events/conferences/publishing/templates.html}}
}

@TechReport{BibExample,
  author      = {A Baboon and B Charles and D Ester and F Generalson},
  title       = {{An Amazing Title}},
  institution = {Their Not-so-awesome University},
  year        = {1492},
  type        = {Technical Report},
  month       = apr
}

@Misc{TeXstudio,
  title        = {{\href{https://www.texstudio.org/}{TeXstudio -- A \LaTeX{} Editor}}},
  author       = {Benito van der Zander and Jan Sundermeyer and Tim Hoffmann},
  howpublished = {\href{https://www.texstudio.org/}{https://www.texstudio.org/}}
}

@Misc{InkScape,
  title        = {{\href{http://www.inkscape.org/}{InkScape Website}}},
  howpublished = {\href{http://www.inkscape.org/}{http://www.inkscape.org/}}
}

@Misc{Overlength_Fee,
  title        = {{\href{http://www.ieee.org/advertisement/2012vpcopc.pdf}{Voluntary Page and Overlength Article Charges}}},
  year         = {2014},
  howpublished = {\href{http://www.ieee.org/advertisement/2012vpcopc.pdf}{\\http://www.ieee.org/advertisement/2012vpcopc.pdf}}
}

